@online{room,
  title = {Room Persistence Library},
  url = {https://developer.android.com/topic/libraries/architecture/room},
  urldate = {2018-03-12}
}
@online{room-tutorial,
  title = {Android Room with a View - Kotlin},
  url = {https://codelabs.developers.google.com/codelabs/android-room-with-a-view-kotlin/},
  urldate = {2018-03-12}
}
@online{view-models,
  title = {Android ViewModel Overview},
  url = {https://developer.android.com/topic/libraries/architecture/viewmodel},
  urldate = {2018-03-12}
}
@online{fragments,
  title = {Fragments},
  url = {https://developer.android.com/guide/components/fragments},
  urldate = {2018-04-12}
}
@online{firestore-issue,
  title = {Channel is unrecoverably broken - Error},
  url = {https://piazza.com/class/jk3tm1aqdpn5em?cid=247},
  urldate = {2018-04-12}
}
@online{dialog-tutorial,
  title = {Dialogs},
  url = {https://developer.android.com/guide/topics/ui/dialogs},
  urldate = {2018-04-12}
}
@online{async-task,
  title = {Android AsyncTask},
  url = {https://developer.android.com/reference/android/os/AsyncTask},
  urldate = {2018-07-12}
}
@online{feature-collection,
  title = {Mapbox FeatureCollection},
  url = {https://www.mapbox.com/android-docs/api/mapbox-java/libjava-geojson/2.0.0/com/mapbox/services/commons/geojson/FeatureCollection.html},
  urldate = {2018-07-12}
}
@online{json-object,
  title = {Java JSONObject},
  url = {https://docs.oracle.com/javaee/7/api/javax/json/JsonObject.html},
  urldate = {2018-07-12}
}
@online{room-entities,
  title = {Defining data using Room entities},
  url = {https://developer.android.com/training/data-storage/room/defining-data},
  urldate = {2018-07-12}
}
@online{app-arch-guide,
  title = {Guide to app architecture},
  url = {https://developer.android.com/jetpack/docs/guide},
  urldate = {2018-07-12}
}
@online{lat-lng,
  title = {Mapbox LatLng},
  url = {https://www.mapbox.com/android-docs/api/map-sdk/5.0.1/com/mapbox/mapboxsdk/geometry/LatLng.html},
  urldate = {2018-07-12}
}
%
@online{firebase-login,
  title = {Firebase - Login and Registration},
  url = {https://www.androidhive.info/2016/06/android-getting-started-firebase-simple-login-registration-auth/},
  urldate = {2018-07-12}
}
@online{nav-drawer,
  title = {Create a navigation drawer},
  url = {https://developer.android.com/training/implementing-navigation/nav-drawer},
  urldate = {2018-07-12}
}
@online{espresso-issue,
  title = {Failed to get UI hierarchy - Espresso},
  url = {https://piazza.com/class/jk3tm1aqdpn5em?cid=269},
  urldate = {2018-07-12}
}
@online{firestore-guides,
  title = {Cloud Firestore - Guides},
  url = {https://firebase.google.com/docs/firestore/},
  urldate = {2018-09-12}
}
